@article{sussillo2009generating,
  title={Generating coherent patterns of activity from chaotic neural networks},
  author={Sussillo, David and Abbott, Larry F},
  journal={Neuron},
  volume={63},
  number={4},
  pages={544--557},
  year={2009},
  publisher={Elsevier}
}

@article{nicola2017supervised,
  title={Supervised learning in spiking neural networks with FORCE training},
  author={Nicola, Wilten and Clopath, Claudia},
  journal={Nature communications},
  volume={8},
  number={1},
  pages={2208},
  year={2017},
  publisher={Nature Publishing Group}
}

@article{izhikevich2003simple,
  title={Simple model of spiking neurons},
  author={Izhikevich, Eugene M},
  journal={IEEE Transactions on neural networks},
  volume={14},
  number={6},
  pages={1569--1572},
  year={2003},
  publisher={IEEE}
}

@article{goudar2018encoding,
  title={Encoding sensory and motor patterns as time-invariant trajectories in recurrent neural networks},
  author={Goudar, Vishwa and Buonomano, Dean V},
  journal={Elife},
  volume={7},
  pages={e31134},
  year={2018},
  publisher={eLife Sciences Publications Limited}
}

@article{asabuki2018interactive,
  title={Interactive reservoir computing for chunking information streams},
  author={Asabuki, Toshitake and Hiratani, Naoki and Fukai, Tomoki},
  journal={PLoS computational biology},
  volume={14},
  number={10},
  pages={e1006400},
  year={2018},
  publisher={Public Library of Science}
}

@article{hoerzer2012emergence,
  title={Emergence of complex computational structures from chaotic neural networks through reward-modulated Hebbian learning},
  author={Hoerzer, Gregor M and Legenstein, Robert and Maass, Wolfgang},
  journal={Cerebral cortex},
  volume={24},
  number={3},
  pages={677--690},
  year={2012},
  publisher={Oxford University Press}
}

@article{dur2012network,
  title={Network bursting using experimentally constrained single compartment CA3 hippocampal neuron models with adaptation},
  author={Dur-e-Ahmad, Muhammad and Nicola, Wilten and Campbell, Sue Ann and Skinner, Frances K},
  journal={Journal of computational neuroscience},
  volume={33},
  number={1},
  pages={21--40},
  year={2012},
  publisher={Springer}
}

@article{duka2014neural,
  title={Neural network based inverse kinematics solution for trajectory tracking of a robotic arm},
  author={Duka, Adrian-Vasile},
  journal={Procedia Technology},
  volume={12},
  pages={20--27},
  year={2014},
  publisher={Elsevier}
}

@article{aggarwal2014use,
  title={Use of artificial neural networks for the development of an inverse kinematic solution and visual identification of singularity zone (s)},
  author={Aggarwal, Luv and Aggarwal, Kush and Urbanic, Ruth Jill},
  journal={Procedia Cirp},
  volume={17},
  pages={812--817},
  year={2014},
  publisher={Elsevier}
}

@inproceedings{bouganis2010training,
  title={Training a spiking neural network to control a 4-dof robotic arm based on spike timing-dependent plasticity},
  author={Bouganis, Alexandros and Shanahan, Murray},
  booktitle={The 2010 International Joint Conference on Neural Networks (IJCNN)},
  pages={1--8},
  year={2010},
  organization={IEEE}
}

@article{villani2018survey,
  title={Survey on human--robot collaboration in industrial settings: Safety, intuitive interfaces and applications},
  author={Villani, Valeria and Pini, Fabio and Leali, Francesco and Secchi, Cristian},
  journal={Mechatronics},
  volume={55},
  pages={248--266},
  year={2018},
  publisher={Elsevier}
}